Date,Sales
2019-01-31,98701.51229258062
2019-02-28,102116.31485994975
2019-03-31,12774.253915974705
2019-04-30,15571.566457544792
2019-05-31,67317.13408189185
2019-06-30,36367.08884319822
2019-07-31,29313.12975949771
2019-08-31,44498.56964800101
2019-09-30,20860.2702205917
2019-10-31,51483.214865615744
2019-11-30,117813.70002267207
2019-12-31,93088.42922225068
